<record><leader>00000cas a2200000 a 4500</leader><controlfield tag="001">36846496</controlfield><controlfield tag="008">970502c199u9999flumr ne      0    0eng c</controlfield><datafield ind1=" " ind2=" " tag="010"><subfield code="a">sn 97027760 </subfield></datafield><datafield ind1=" " ind2=" " tag="040"><subfield code="a">FUG</subfield><subfield code="b">eng</subfield><subfield code="c">FUG</subfield><subfield code="d">OCLCQ</subfield><subfield code="d">OCLCF</subfield><subfield code="d">OCLCO</subfield></datafield><datafield ind1="1" ind2=" " tag="029"><subfield code="a">AU@</subfield><subfield code="b">000013250328</subfield></datafield><datafield ind1=" " ind2=" " tag="037"><subfield code="b">PO Box 380215, Murdock, FL 33938</subfield></datafield><datafield ind1=" " ind2=" " tag="042"><subfield code="a">pcc</subfield></datafield><datafield ind1=" " ind2=" " tag="043"><subfield code="a">n-us-fl</subfield></datafield><datafield ind1="0" ind2="4" tag="245"><subfield code="a">The Charlotte gardener.</subfield></datafield><datafield ind1=" " ind2=" " tag="260"><subfield code="a">Murdock, FL :</subfield><subfield code="b">Horticultural Society of Charlotte County</subfield></datafield><datafield ind1=" " ind2=" " tag="300"><subfield code="a">v. :</subfield><subfield code="b">ill. ;</subfield><subfield code="c">44 cm.</subfield></datafield><datafield ind1=" " ind2=" " tag="310"><subfield code="a">Monthly</subfield></datafield><datafield ind1=" " ind2=" " tag="500"><subfield code="a">"All the News That Fits, We Print."</subfield></datafield><datafield ind1=" " ind2=" " tag="588"><subfield code="a">Description based on: Vol. 5, no. 4 (Apr. 1997).</subfield></datafield><datafield ind1=" " ind2="0" tag="650"><subfield code="a">Gardening</subfield><subfield code="z">Florida</subfield><subfield code="v">Newspapers.</subfield></datafield><datafield ind1=" " ind2="0" tag="650"><subfield code="a">Horticulture</subfield><subfield code="z">Florida</subfield><subfield code="v">Newspapers.</subfield></datafield><datafield ind1=" " ind2="0" tag="651"><subfield code="a">Murdock (Fla.)</subfield><subfield code="v">Newspapers.</subfield></datafield><datafield ind1=" " ind2="0" tag="651"><subfield code="a">Charlotte County (Fla.)</subfield><subfield code="v">Newspapers.</subfield></datafield><datafield ind1=" " ind2="7" tag="655"><subfield code="a">Newspapers.</subfield><subfield code="2">fast</subfield><subfield code="0">(OCoLC)fst01423814</subfield></datafield><datafield ind1=" " ind2="7" tag="650"><subfield code="a">Gardening.</subfield><subfield code="2">fast</subfield><subfield code="0">(OCoLC)fst00937852</subfield></datafield><datafield ind1=" " ind2="7" tag="650"><subfield code="a">Horticulture.</subfield><subfield code="2">fast</subfield><subfield code="0">(OCoLC)fst00960791</subfield></datafield><datafield ind1=" " ind2="7" tag="651"><subfield code="a">Florida.</subfield><subfield code="2">fast</subfield><subfield code="0">(OCoLC)fst01205150</subfield></datafield><datafield ind1=" " ind2="7" tag="651"><subfield code="a">Florida</subfield><subfield code="z">Charlotte County.</subfield><subfield code="2">fast</subfield><subfield code="0">(OCoLC)fst01217561</subfield></datafield><datafield ind1=" " ind2="7" tag="651"><subfield code="a">Florida</subfield><subfield code="z">Murdock.</subfield><subfield code="2">fast</subfield><subfield code="0">(OCoLC)fst01284170</subfield></datafield><datafield ind1=" " ind2=" " tag="752"><subfield code="a">United States</subfield><subfield code="b">Florida</subfield><subfield code="c">Charlotte</subfield><subfield code="d">Murdock.</subfield></datafield></record>